
<record>
  <controlfield tag="001">1244522</controlfield>
  <datafield tag="024" ind1="7" ind2=" ">
    <subfield code="2">DOI</subfield>
    <subfield code="a">10.1016/j.nuclphysb.2013.07.025</subfield>
  </datafield>
  <datafield tag="035" ind1=" " ind2=" ">
    <subfield code="9">INSPIRETeX</subfield>
    <subfield code="a">Aad:2013gaa</subfield>
  </datafield>
  <datafield tag="035" ind1=" " ind2=" ">
    <subfield code="9">DESY</subfield>
    <subfield code="z">DA13-kp37e</subfield>
  </datafield>
  <datafield tag="035" ind1=" " ind2=" ">
    <subfield code="9">arXiv</subfield>
    <subfield code="a">oai:arXiv.org:1307.6795</subfield>
  </datafield>
  <datafield tag="035" ind1=" " ind2=" ">
    <subfield code="9">CDS</subfield>
    <subfield code="a">1564586</subfield>
  </datafield>
  <datafield tag="035" ind1=" " ind2=" ">
    <subfield code="a">ins1244522</subfield>
    <subfield code="9">HEPDATA</subfield>
  </datafield>
  <datafield tag="035" ind1=" " ind2=" ">
    <subfield code="a">in2p3-00848759</subfield>
    <subfield code="9">HAL</subfield>
  </datafield>
  <datafield tag="037" ind1=" " ind2=" ">
    <subfield code="a">CERN-PH-EP-2013-092</subfield>
  </datafield>
  <datafield tag="037" ind1=" " ind2=" ">
    <subfield code="9">arXiv</subfield>
    <subfield code="a">arXiv:1307.6795</subfield>
    <subfield code="c">hep-ex</subfield>
  </datafield>
  <datafield tag="245" ind1=" " ind2=" ">
    <subfield code="a">Dynamics of isolated-photon plus jet production in pp collisions at $\sqrt(s)=7$ TeV with the ATLAS detector</subfield>
  </datafield>
  <datafield tag="710" ind1=" " ind2=" ">
    <subfield code="g">ATLAS</subfield>
  </datafield>
</record>